

@Book{Ceballos,
   author =   "F. J. Ceballos",
   title =   "Java 2 Curso de Programación",
   publisher =   "Alfaomega, Ra-Ma, ISBN: 9786077071129. España.",
   address = "",
   year =   "2011"
}



@article{Cant1,
 author = {S. N. Cant and B. Henderson-Sellers and D. R. Jeffery},
 title = {{A}pplication of {C}ognitive {C}omplexity {M}etrics to {O}bject-{O}riented {P}rograms.},
 journal = {Journal of Object-Oriented Programming},
 year = {1994},
 volume = {7},
 number = {4},
 pages = {52-63},
 }

@article{Hungerford,
 author = {B. C. Hungerford and A. R. Hevner and R. W. Collins},
 title = {Reviewing Software Diagrams: A Cognitive Study},
 journal = {IEEE Trans. Softw. Eng.},
 volume = {30},
 number = {2},
 year = {2004},
 issn = {0098-5589},
 pages = {82--96},
 doi = {http://dx.doi.org/10.1109/TSE.2004.1265814},
 publisher = {IEEE Press},
 address = {Piscataway, NJ, USA},
 }




